@article{dagum1993approximating,
    title={Approximating probabilistic inference in {B}ayesian belief networks is {NP}-hard},
    author={Dagum, Paul and Luby, Michael},
    journal={Artificial intelligence},
    volume={60},
    number={1},
    pages={141--153},
    year={1993},
    publisher={Elsevier},
    url = {https://doi.org/10.1016/0004-3702(93)90036-B},
}

@article{choi2020probabilistic,
    title={Probabilistic Circuits: A Unifying Framework for Tractable Probabilistic Models},
    author={Choi, YooJung and Vergari, Antonio and Van den Broeck, Guy},
    url = {http://starai.cs.ucla.edu/papers/ProbCirc20.pdf},
    year={2020},
}

@book{pearl1985graphoids,
    title={Graphoids: A graph-based logic for reasoning about relevance relations},
    author={Pearl, Judea and Paz, Azaria},
    year={1985},
    publisher={University of California (Los Angeles). Computer Science Department},
    url = {http://ftp.cs.ucla.edu/pub/stat_ser/r53-L.pdf#page=7},
}

@misc{jordan2003introduction,
    title={An introduction to probabilistic graphical models},
    author={Jordan, Michael I},
    year={2003},
    publisher={preparation}
}

@book{koller2009probabilistic,
    title={Probabilistic graphical models: principles and techniques},
    author={Koller, Daphne and Friedman, Nir},
    year={2009},
    publisher={MIT press}
}

@article{cooper1990computational,
    title={The computational complexity of probabilistic inference using Bayesian belief networks},
    author={Cooper, Gregory F},
    journal={Artificial intelligence},
    volume={42},
    number={2-3},
    pages={393--405},
    year={1990},
    publisher={Elsevier}
}

@article{darwiche2003differential,
    title={A differential approach to inference in Bayesian networks},
    author={Darwiche, Adnan},
    journal={Journal of the ACM (JACM)},
    volume={50},
    number={3},
    pages={280--305},
    year={2003},
    publisher={ACM New York, NY, USA}
}

@inproceedings{zhao2015relationship,
    title={On the relationship between sum-product networks and Bayesian networks},
    author={Zhao, Han and Melibari, Mazen and Poupart, Pascal},
    booktitle={International Conference on Machine Learning},
    pages={116--124},
    year={2015}
}

@article{butz2019sum,
    title={Sum-Product Network Decompilation},
    author={Butz, Cory J and Oliveira, Jhonatan S and Peharz, Robert},
    journal={arXiv preprint arXiv:1912.10092},
    year={2019}
}

@article{belle2016semiring,
    title={Semiring Programming: A Declarative Framework for Generalized Sum Product Problems},
    author={Belle, Vaishak and De Raedt, Luc},
    journal={arXiv preprint arXiv:1609.06954},
    year={2016}
}

@inproceedings{dolan2013fun,
    title={Fun with semirings: a functional pearl on the abuse of linear algebra},
    author={Dolan, Stephen},
    booktitle={Proceedings of the 18th ACM SIGPLAN international conference on Functional programming},
    pages={101--110},
    year={2013}
}

@article{10.1145/2544174.2500576,
    author = {Bernardy, Jean-Philippe and Claessen, Koen},
    title = {Efficient Divide-and-Conquer Parsing of Practical Context-Free Languages},
    year = {2013},
    issue_date = {September 2013},
    publisher = {Association for Computing Machinery},
    address = {New York, NY, USA},
    volume = {48},
    number = {9},
    issn = {0362-1340},
    url = {https://doi.org/10.1145/2544174.2500576},
    doi = {10.1145/2544174.2500576},
    abstract = {We present a divide-and-conquer algorithm for parsing context-free languages efficiently. Our algorithm is an instance of Valiant's (1975), who reduced the problem of parsing to matrix multiplications. We show that, while the conquer step of Valiant's is O(n3) in the worst case, it improves to O(logn3), under certain conditions satisfied by many useful inputs. These conditions occur for example in program texts written by humans. The improvement happens because the multiplications involve an overwhelming majority of empty matrices. This result is relevant to modern computing: divide-and-conquer algorithms can be parallelized relatively easily.},
    journal = {SIGPLAN Not.},
    month = sep,
    pages = {111–122},
    numpages = {12},
    keywords = {complexity, context-free languages, divide-and-conquer, iteration, parsing}
}



@inproceedings{bernady2013efficient,
    author = {Bernardy, Jean-Philippe and Claessen, Koen},
    title = {Efficient Divide-and-Conquer Parsing of Practical Context-Free Languages},
    year = {2013},
    isbn = {9781450323260},
    publisher = {Association for Computing Machinery},
    address = {New York, NY, USA},
    url = {https://doi.org/10.1145/2500365.2500576},
    doi = {10.1145/2500365.2500576},
    booktitle = {Proceedings of the 18th ACM SIGPLAN International Conference on Functional Programming},
    pages = {111–122},
    numpages = {12},
    keywords = {parsing, divide-and-conquer, complexity, context-free languages, iteration},
    location = {Boston, Massachusetts, USA},
    series = {ICFP '13}
}

@book{kolmogorov2018foundations,
    title={Foundations of the theory of probability: Second English Edition},
    author={Kolmogorov, Andrei Nikolaevich and Bharucha-Reid, Albert T},
    year={2018},
    publisher={Courier Dover Publications}
}

@misc{kolmogorov1933grundbegriffe,
    title={Grundbegriffe der Wahrscheinlichkeitsrechnung},
    author={Kolmogorov, Andrei Nikolaevich},
    series={Ergebnisse der Mathematik und ihrer Grenzgebiete},
    year={1933}
}