@article{dagum1993approximating,
    title={Approximating probabilistic inference in {B}ayesian belief networks is {NP}-hard},
    author={Dagum, Paul and Luby, Michael},
    journal={Artificial intelligence},
    volume={60},
    number={1},
    pages={141--153},
    year={1993},
    publisher={Elsevier},
    url = {https://doi.org/10.1016/0004-3702(93)90036-B},
}

@article{choi2020probabilistic,
    title={Probabilistic Circuits: A Unifying Framework for Tractable Probabilistic Models},
    author={Choi, YooJung and Vergari, Antonio and Van den Broeck, Guy},
    url = {http://starai.cs.ucla.edu/papers/ProbCirc20.pdf},
    year={2020},
}

@book{pearl1985graphoids,
    title={Graphoids: A graph-based logic for reasoning about relevance relations},
    author={Pearl, Judea and Paz, Azaria},
    year={1985},
    publisher={University of California (Los Angeles). Computer Science Department},
    url = {http://ftp.cs.ucla.edu/pub/stat_ser/r53-L.pdf#page=7},
}

@misc{jordan2003introduction,
    title={An introduction to probabilistic graphical models},
    author={Jordan, Michael I},
    year={2003},
    publisher={preparation}
}

@book{koller2009probabilistic,
    title={Probabilistic graphical models: principles and techniques},
    author={Koller, Daphne and Friedman, Nir},
    year={2009},
    publisher={MIT press}
}

@article{cooper1990computational,
    title={The computational complexity of probabilistic inference using {B}ayesian belief networks},
    author={Cooper, Gregory F},
    journal={Artificial intelligence},
    volume={42},
    number={2-3},
    pages={393--405},
    year={1990},
    publisher={Elsevier}
}

@article{darwiche2003differential,
    title={A differential approach to inference in {B}ayesian networks},
    author={Darwiche, Adnan},
    journal={Journal of the ACM (JACM)},
    volume={50},
    number={3},
    pages={280--305},
    year={2003},
    publisher={ACM New York, NY, USA}
}

@inproceedings{zhao2015relationship,
    title={On the relationship between sum-product networks and {B}ayesian networks},
    author={Zhao, Han and Melibari, Mazen and Poupart, Pascal},
    booktitle={International Conference on Machine Learning},
    pages={116--124},
    year={2015}
}

@article{butz2019sum,
    title={Sum-Product Network Decompilation},
    author={Butz, Cory J and Oliveira, Jhonatan S and Peharz, Robert},
    journal={arXiv preprint arXiv:1912.10092},
    year={2019}
}

@article{belle2016semiring,
    title={Semiring Programming: A Declarative Framework for Generalized Sum Product Problems},
    author={Belle, Vaishak and De Raedt, Luc},
    journal={arXiv preprint arXiv:1609.06954},
    year={2016}
}

@inproceedings{dolan2013fun,
    title={Fun with semirings: a functional pearl on the abuse of linear algebra},
    author={Dolan, Stephen},
    booktitle={Proceedings of the 18th ACM SIGPLAN international conference on Functional programming},
    pages={101--110},
    year={2013}
}

@article{10.1145/2544174.2500576,
    author = {Bernardy, Jean-Philippe and Claessen, Koen},
    title = {Efficient Divide-and-Conquer Parsing of Practical Context-Free Languages},
    year = {2013},
    issue_date = {September 2013},
    publisher = {Association for Computing Machinery},
    address = {New York, NY, USA},
    volume = {48},
    number = {9},
    issn = {0362-1340},
    url = {https://doi.org/10.1145/2544174.2500576},
    doi = {10.1145/2544174.2500576},
    abstract = {We present a divide-and-conquer algorithm for parsing context-free languages efficiently. Our algorithm is an instance of Valiant's (1975), who reduced the problem of parsing to matrix multiplications. We show that, while the conquer step of Valiant's is O(n3) in the worst case, it improves to O(logn3), under certain conditions satisfied by many useful inputs. These conditions occur for example in program texts written by humans. The improvement happens because the multiplications involve an overwhelming majority of empty matrices. This result is relevant to modern computing: divide-and-conquer algorithms can be parallelized relatively easily.},
    journal = {SIGPLAN Not.},
    month = sep,
    pages = {111–122},
    numpages = {12},
    keywords = {complexity, context-free languages, divide-and-conquer, iteration, parsing}
}



@inproceedings{bernady2013efficient,
    author = {Bernardy, Jean-Philippe and Claessen, Koen},
    title = {Efficient Divide-and-Conquer Parsing of Practical Context-Free Languages},
    year = {2013},
    isbn = {9781450323260},
    publisher = {Association for Computing Machinery},
    address = {New York, NY, USA},
    url = {https://doi.org/10.1145/2500365.2500576},
    doi = {10.1145/2500365.2500576},
    booktitle = {Proceedings of the 18th ACM SIGPLAN International Conference on Functional Programming},
    pages = {111–122},
    numpages = {12},
    keywords = {parsing, divide-and-conquer, complexity, context-free languages, iteration},
    location = {Boston, Massachusetts, USA},
    series = {ICFP '13}
}

@book{kolmogorov2018foundations,
    title={Foundations of the theory of probability: Second English Edition},
    author={Kolmogorov, Andrei Nikolaevich and Bharucha-Reid, Albert T},
    year={2018},
    publisher={Courier Dover Publications}
}

@misc{kolmogorov1933grundbegriffe,
    title={Grundbegriffe der {W}ahrscheinlichkeitsrechnung},
    author={Kolmogorov, Andrei Nikolaevich},
    series={Ergebnisse der Mathematik und ihrer Grenzgebiete},
    year={1933}
}

@inproceedings{friesen2016sum,
    title={The sum-product theorem: A foundation for learning tractable models},
    author={Friesen, Abram and Domingos, Pedro},
    booktitle={International Conference on Machine Learning},
    pages={1909--1918},
    year={2016}
}

@inproceedings{gens2013learning,
    title={Learning the structure of sum-product networks},
    author={Gens, Robert and Domingos, Pedro},
    booktitle={International conference on machine learning},
    pages={873--880},
    year={2013}
}



%! Author = breandan
%! Date = 11/21/20

@misc{considine2019kotlingrad,
    author = {Considine, Breandan and Famelis, Michalis and Paull, Liam},
    title = {{Kotlin$\nabla$: A Shape-Safe e{DSL} for Differentiable Programming}},
    year = {2019},
    publisher = {GitHub},
    journal = {GitHub repository},
    howpublished = {\url{https://github.com/breandan/kotlingrad}},
}

@mastersthesis{considine2019programming,
    title = {{Programming Tools for Intelligent Systems}},
    author = {Considine, Breandan},
    year = {2019},
    school = {Universit{\'e} de Montr{\'e}al},
    url = {https://ndan.co/public/masters_thesis.pdf}
}

@inproceedings{hindle2012naturalness,
    title={On the naturalness of software},
    author={Hindle, Abram and Barr, Earl T and Su, Zhendong and Gabel, Mark and Devanbu, Premkumar},
    booktitle={2012 34th International Conference on Software Engineering (ICSE)},
    pages={837--847},
    year={2012},
    organization={IEEE},
    url = {https://doi.org/10.1145/2902362},
}

@article{allamanis2018survey,
    title={A survey of machine learning for big code and naturalness},
    author={Allamanis, Miltiadis and Barr, Earl T and Devanbu, Premkumar and Sutton, Charles},
    journal={ACM Computing Surveys (CSUR)},
    volume={51},
    number={4},
    pages={1--37},
    year={2018},
    publisher={ACM New York, NY, USA},
    url = {https://arxiv.org/pdf/1709.06182.pdf},
}

@misc{pierce2010software,
    author={Pierce, Benjamin C and Casinghino, Chris and Gaboardi, Marco and Greenberg, Michael and Hri{\c{t}}cu, C{\u{a}}t{\u{a}}lin and Sj{\"o}berg, Vilhelm and Yorgey, Brent},
    title={{Software Foundations}},
    howpublished={\url{https://softwarefoundations.cis.upenn.edu}},
    year={2020}
}

@book{baader1999term,
    title={Term Rewriting and All That},
    author={Baader, F. and Nipkow, T.},
    isbn={9780521779203},
    lccn={97028286},
    series={Term Rewriting and All that},
    url={https://books.google.ca/books?id=N7BvXVUCQk8C},
    year={1999},
    publisher={Cambridge University Press}
}

@InProceedings{felleisen1990expressive,
    author="Felleisen, Matthias",
    editor="Jones, Neil",
    title="On the expressive power of programming languages",
    booktitle="ESOP '90",
    year="1990",
    publisher="Springer Berlin Heidelberg",
    address="Berlin, Heidelberg",
    pages="134--151",
    isbn="978-3-540-47045-8",
    url = {https://doi.org/10.1007/3-540-52592-0_60},
}

@book{pearl2014probabilistic,
    title={Probabilistic reasoning in intelligent systems: networks of plausible inference},
    author={Pearl, Judea},
    year={2014},
    publisher={Elsevier}
}

@inproceedings{niepert2010probabilistic,
    title={A Probabilistic-Logical Framework for Ontology Matching.},
    author={Niepert, Mathias and Meilicke, Christian and Stuckenschmidt, Heiner},
    booktitle={AAAI},
    pages={1413--1418},
    year={2010},
    organization={Citeseer}
}

@misc{chen2020metamorphic,
    title={Metamorphic Testing: A New Approach for Generating Next Test Cases},
    author={T. Y. Chen and S. C. Cheung and S. M. Yiu},
    year={2020},
    eprint={2002.12543},
    archivePrefix={arXiv},
    primaryClass={cs.SE},
    url = {https://arxiv.org/pdf/2002.12543.pdf},
}

@article{bar1961formal,
    title={On formal properties of simple phrase structure grammars},
    author={Bar-Hillel, Yehoshua and Perles, Micha and Shamir, Eli},
    journal={Sprachtypologie und Universalienforschung},
    volume={14},
    pages={143--172},
    year={1961},
    publisher={Akademie-Verlag}
}

@book{kepner2011graph,
    title={Graph algorithms in the language of linear algebra},
    author={Kepner, Jeremy and Gilbert, John},
    year={2011},
    publisher={SIAM}
}

@article{miller1988efficient,
    title={Efficient parallel evaluation of straight-line code and arithmetic circuits},
    author={Miller, Gary L and Ramachandran, Vijaya and Kaltofen, Erich},
    journal={SIAM Journal on Computing},
    volume={17},
    number={4},
    pages={687--695},
    year={1988},
    publisher={SIAM}
}

@inproceedings{kepner2016mathematical,
    title={Mathematical foundations of the GraphBLAS},
    author={Kepner, Jeremy and Aaltonen, Peter and Bader, David and Bulu{\c{c}}, Aydin and Franchetti, Franz and Gilbert, John and Hutchison, Dylan and Kumar, Manoj and Lumsdaine, Andrew and Meyerhenke, Henning and others},
    booktitle={2016 IEEE High Performance Extreme Computing Conference (HPEC)},
    pages={1--9},
    year={2016},
    organization={IEEE}
}

@article{allamanis2017learning,
    title={Learning to represent programs with graphs},
    author={Allamanis, Miltiadis and Brockschmidt, Marc and Khademi, Mahmoud},
    journal={arXiv preprint arXiv:1711.00740},
    year={2017}
}

@article{reps1998program,
    title={Program analysis via graph reachability},
    author={Reps, Thomas},
    journal={Information and software technology},
    volume={40},
    number={11-12},
    pages={701--726},
    year={1998},
    publisher={Elsevier}
}

@article{bacci2020quantitative,
    title={Quantitative Equational Reasoning},
    author={Bacci, Giorgio and Mardare, Radu and Panangaden, Prakash and Plotkin, Gordon},
    journal={Foundations of Probabilistic Programming},
    pages={333},
    year={2020},
    publisher={Cambridge University Press}
}

@article{bayes1763essay,
    title={An essay toward solving a problem in the doctrine of chances.},
    author={Bayes', Thomas},
    journal={Philosophical Transactions},
    pages={1683--1775},
    year={1763}
}

@article{swat2016probonto,
    title={Prob{O}nto: ontology and knowledge base of probability distributions},
    author={Swat, Maciej J and Grenon, Pierre and Wimalaratne, Sarala},
    journal={Bioinformatics},
    volume={32},
    number={17},
    pages={2719--2721},
    year={2016},
    publisher={Oxford University Press}
}

@inproceedings{carette2016simplifying,
    title={Simplifying probabilistic programs using computer algebra},
    author={Carette, Jacques and Shan, Chung-chieh},
    booktitle={International Symposium on Practical Aspects of Declarative Languages},
    pages={135--152},
    year={2016},
    organization={Springer},
    url={ftp://html.soic.indiana.edu/pub/techreports/TR719.pdf},
}

@article{willard2020minikanren,
    title={mini{K}anren as a Tool for Symbolic Computation in Python},
    author={Willard, Brandon T},
    journal={arXiv preprint arXiv:2005.11644},
    year={2020},
    url={https://arxiv.org/pdf/2005.11644.pdf},
}

@article{levy1925calcul,
    title={Calcul des probabilit{\'e}s},
    author={L{\'e}vy, Paul},
    year={1925},
    publisher={J. Gabay}
}

@article{fubini1907sugli,
    title={Sugli integrali multipli},
    author={Fubini, Guido},
    journal={Rend. Acc. Naz. Lincei},
    volume={16},
    pages={608--614},
    year={1907}
}

@article{ellis2016sampling,
    title={Sampling for bayesian program learning},
    author={Ellis, Kevin and Solar-Lezama, Armando and Tenenbaum, Josh},
    year={2016},
    publisher={Neural Information Processing Systems Foundation}
}
